%
%  Vzor bibliografické databáze pro automatickou tvorbu seznamu referencí
%  pomocí BibTeXu
%
%  Doporučený software pro správu databáze literatury formátu *.bib:
%    JabRef, http://jabref.sourceforge.net/
%
%  POZOR:
%
%    *  Písmena v názvech publikací, jež je třeba tisknout vždy velká, se musejí psát
%       do složených závorek ({T}hailand, {HIV})
%
%  ===========================================================================

@inproceedings{koenig2004design,
  title={Design and use paradigms for gazebo, an open-source multi-robot simulator},
  author={Koenig, Nathan and Howard, Andrew},
  booktitle={2004 IEEE/RSJ International Conference on Intelligent Robots and Systems (IROS)(IEEE Cat. No. 04CH37566)},
  volume={3},
  pages={2149--2154},
  year={2004},
  organization={IEEE}
} 
@misc{gazeborobotics, 
  url={https://gazebosim.org/}, 
  journal={Gazebo}, 
  author={OpenRobotics},
  note={Accessed: March 26, 2023}
} 

@article{michel2004cyberbotics,
  title={Cyberbotics ltd. webots™: professional mobile robot simulation},
  author={Michel, Olivier},
  journal={International Journal of Advanced Robotic Systems},
  volume={1},
  number={1},
  pages={5},
  year={2004},
  publisher={SAGE Publications Sage UK: London, England}
}

@MISC{Webots,
  AUTHOR = {Webots},
  TITLE  = {http://www.cyberbotics.com},
  NOTE   = {Open-source Mobile Robot Simulation Software},
  EDITOR = {Cyberbotics Ltd.},
  URL    = {http://www.cyberbotics.com}
}

@article{salimans2017evolution,
  title={Evolution strategies as a scalable alternative to reinforcement learning},
  author={Salimans, Tim and Ho, Jonathan and Chen, Xi and Sidor, Szymon and Sutskever, Ilya},
  journal={arXiv preprint arXiv:1703.03864},
  year={2017}
}
@misc{deepmind_2021, 
    title={Mujoco}, 
    url={https://mujoco.org/}, 
    journal={MuJoCo}, 
    author={DeepMind}, 
    year={2021},
    note={Accessed: March 26, 2023}
} 

@inproceedings{todorov2012mujoco,
  title={Mujoco: A physics engine for model-based control},
  author={Todorov, Emanuel and Erez, Tom and Tassa, Yuval},
  booktitle={2012 IEEE/RSJ international conference on intelligent robots and systems},
  pages={5026--5033},
  year={2012},
  organization={IEEE}
}

@inproceedings{erez2015simulation,
  title={Simulation tools for model-based robotics: Comparison of bullet, havok, mujoco, ode and physx},
  author={Erez, Tom and Tassa, Yuval and Todorov, Emanuel},
  booktitle={2015 IEEE international conference on robotics and automation (ICRA)},
  pages={4397--4404},
  year={2015},
  organization={IEEE}
}

@inproceedings{coppeliaSim,
  author="E. Rohmer and S. P. N. Singh and M. Freese",
  title="CoppeliaSim (formerly V-REP): a Versatile and Scalable Robot Simulation Framework",
  booktitle="Proc. of The International Conference on Intelligent Robots and Systems (IROS)",
  year="2013",
  note="www.coppeliarobotics.com"
}

@MISC{coppeliarobotics,
  AUTHOR = {CoppeliaRobotics},
  TITLE  = {https://www.coppeliarobotics.com},
  NOTE   = {Robot simulation software},
  EDITOR = {Coppelia Robotics, Ltd.},
  URL    = {https://www.coppeliarobotics.com}
}

@article{yoon2023comparative,
  title={Comparative Study of Physics Engines for Robot Simulation with Mechanical Interaction},
  author={Yoon, Jaemin and Son, Bukun and Lee, Dongjun},
  journal={Applied Sciences},
  volume={13},
  number={2},
  pages={680},
  year={2023},
  publisher={MDPI}
}

@misc{smith2007open,
  title={Open dynamics engine},
  author={Smith, Russell and others},
  year={2007}
}

@misc{opendynamicsengine, 
  url={http://ode.org/}, 
  journal={Open Dynamics Engine},
  author={Smith, Russell},
  note={Accessed: March 26, 2023}
} 

@misc{coumans, 
  title={Bullet real-time physics simulation}, 
  url={https://pybullet.org/wordpress/}, 
  journal={Bullet RealTime Physics Simulation}, 
  author={Coumans, Erwin},
  note={Accessed: March 19, 2023}
} 
@misc{deapproject, 
  title={DEAP documentation}, 
  url={https://deap.readthedocs.io/}, 
  author={DEAP, Project},
  note={Accessed: March 19, 2023}
}

@article{izadi2018simulating,
  title={Simulating direct shear tests with the Bullet physics library: A validation study},
  author={Izadi, Ehsan and Bezuijen, Adam},
  journal={PLOS one},
  volume={13},
  number={4},
  pages={e0195073},
  year={2018},
  publisher={Public Library of Science San Francisco, CA USA}
}

@article{nogueira2014comparative,
  title={Comparative analysis between gazebo and v-rep robotic simulators},
  author={Nogueira, Lucas},
  journal={Seminario Interno de Cognicao Artificial-SICA},
  volume={2014},
  number={5},
  pages={2},
  year={2014}
}

@article{lee2018dart,
  title={Dart: Dynamic animation and robotics toolkit},
  author={Lee, Jeongseok and X. Grey, Michael and Ha, Sehoon and Kunz, Tobias and Jain, Sumit and Ye, Yuting and S. Srinivasa, Siddhartha and Stilman, Mike and Karen Liu, C},
  journal={The Journal of Open Source Software},
  volume={3},
  number={22},
  pages={500},
  year={2018},
  publisher={The Open Journal}
}

@article{fortin2012deap,
  title={DEAP: Evolutionary algorithms made easy},
  author={Fortin, F{\'e}lix-Antoine and De Rainville, Fran{\c{c}}ois-Michel and Gardner, Marc-Andr{\'e} Gardner and Parizeau, Marc and Gagn{\'e}, Christian},
  journal={The Journal of Machine Learning Research},
  volume={13},
  number={1},
  pages={2171--2175},
  year={2012},
  publisher={JMLR. org}
}

@article{tonda2020inspyred,
  title={Inspyred: Bio-inspired algorithms in Python},
  author={Tonda, Alberto},
  journal={Genetic Programming and Evolvable Machines},
  volume={21},
  number={1-2},
  pages={269--272},
  year={2020},
  publisher={Springer}
}

@misc{InspyredDocs,
  title={Inspyred: Bio-inspired algorithms in python}, 
  author={Garrett, Aaron},
  url={https://pythonhosted.org/inspyred/}, 
  journal={inspyred: Bio-inspired Algorithms in Python - inspyred 1.0 documentation}, 
  year={2012},
  note={Accessed: March 26, 2023},
}

%%%%%%%%%%%%%%%%
@BOOK{Andel07,
  title = {Základy matematické statistiky},
  publisher = {Matfyzpress},
  year = {2007},
  author = {Anděl, J.},
  address = {Praha},
  series = {Druhé opravené vydání},
  isbn = {80-7378-001-1}
}

@BOOK{Andel98,
  title = {Statistické metody},
  publisher = {Matfyzpress},
  year = {1998},
  author = {Anděl, J.},
  address = {Praha},
  series = {Druhé přepracované vydání},
  isbn = {80-85863-27-8}
}

@ARTICLE{Cox72,
  author = {Cox, D. R.},
  title = {Regression models and life-tables (with {D}iscussion)},
  journal = {Journal of the Royal Statistical Society, Series B},
  year = {1972},
  volume = {34},
  pages = {187--220},
  number = {2}
}

@ARTICLE{DempsterLairdRubin77,
  author = {Dempster, A. P. and Laird, N. M. and Rubin, D. B.},
  title = {Maximum likelihood from incomplete data via the {EM} algorithm},
  journal = {Journal of the Royal Statistical Society, Series B},
  year = {1977},
  volume = {39},
  pages = {1--38},
  number = {1}
}

@ARTICLE{Genberget08,
  author = {Genberg, B. L. and Kulich, M. and Kawichai, S. and Modiba, P. and
	Chingono, A. and Kilonzo, G. P. and Richter, L. and Pettifor, A.
	and Sweat, M. and Celentano, D. D.},
  title = {{HIV} risk behaviors in Sub-{S}aharan {A}frica and {N}orthern {T}hailand:
	{B}aseline behavioral data from project {A}ccept},
  journal = {Journal of Acquired Immune Deficiency Syndrome},
  year = {2008},
  volume = {49},
  pages = {309--319}
}

@ARTICLE{KaplanMeier58,
  author = {Kaplan, E. L. and Meier, P.},
  title = {Nonparametric estimation from incomplete observations},
  journal = {Journal of the American Statistical Association},
  year = {1958},
  volume = {53},
  pages = {457--481},
  number = {282}
}

@BOOK{LehmannCasella98,
  title = {Theory of Point Estimation},
  publisher = {Springer-Verlag},
  year = {1998},
  author = {Lehmann, E. L. and Casella, G.},
  address = {New York},
  series = {{S}econd {E}dition},
  isbn = {0-387-98502-6}
}

@ARTICLE{Student08,
  author = {Student},
  title = {On the probable error of the mean},
  journal = {Biometrika},
  year = {1908},
  volume = {6},
  pages = {1-25}
}

