@inproceedings{todorov2012mujoco,
  title={Mujoco: A physics engine for model-based control},
  author={Todorov, Emanuel and Erez, Tom and Tassa, Yuval},
  booktitle={2012 IEEE/RSJ international conference on intelligent robots and systems},
  pages={5026--5033},
  year={2012},
  organization={IEEE}
}

@article{salimans2017evolution,
  title={Evolution strategies as a scalable alternative to reinforcement learning},
  author={Salimans, Tim and Ho, Jonathan and Chen, Xi and Sidor, Szymon and Sutskever, Ilya},
  journal={arXiv preprint arXiv:1703.03864},
  year={2017}
}

@MISC{Webots,
  AUTHOR = {Webots},
  TITLE  = {http://www.cyberbotics.com},
  NOTE   = {Open-source Mobile Robot Simulation Software},
  EDITOR = {Cyberbotics Ltd.},
  URL    = {http://www.cyberbotics.com}
}

@inproceedings{michel1998webots,
  title={Webots: Symbiosis between virtual and real mobile robots},
  author={Michel, Olivier},
  booktitle={International Conference on Virtual Worlds},
  pages={254--263},
  year={1998},
  organization={Springer}
}

@article{franchi2021webots,
  title={Webots. HPC: A Parallel Robotics Simulation Pipeline for Autonomous Vehicles on High Performance Computing},
  author={Franchi, Matt},
  journal={arXiv preprint arXiv:2108.00485},
  year={2021}
}

@INPROCEEDINGS{gazebo1389727,
  author={Koenig, N. and Howard, A.},
  booktitle={2004 IEEE/RSJ International Conference on Intelligent Robots and Systems (IROS) (IEEE Cat. No.04CH37566)}, 
  title={Design and use paradigms for Gazebo, an open-source multi-robot simulator}, 
  year={2004},
  volume={3},
  number={},
  pages={2149-2154 vol.3},
  doi={10.1109/IROS.2004.1389727}}

@misc{gazebo, author={Gazebo}, title={https://gazebosim.org/}, url={https://gazebosim.org/}, journal={Gazebo}} 

@misc{playerproject, author={The player project}, title={http://playerstage.sourceforge.net/}, url={http://playerstage.sourceforge.net/}, journal={Player Project}}

@article{fortin2012deap,
  title={DEAP: Evolutionary algorithms made easy},
  author={Fortin, F{\'e}lix-Antoine and De Rainville, Fran{\c{c}}ois-Michel and Gardner, Marc-Andr{\'e} Gardner and Parizeau, Marc and Gagn{\'e}, Christian},
  journal={The Journal of Machine Learning Research},
  volume={13},
  number={1},
  pages={2171--2175},
  year={2012},
  publisher={JMLR. org}
}

@article{tonda2020inspyred,
  title={Inspyred: Bio-inspired algorithms in Python},
  author={Tonda, Alberto},
  journal={Genetic Programming and Evolvable Machines},
  volume={21},
  number={1},
  pages={269--272},
  year={2020},
  publisher={Springer}
}

@article{brockman2016openai,
  title={Openai gym},
  author={Brockman, Greg and Cheung, Vicki and Pettersson, Ludwig and Schneider, Jonas and Schulman, John and Tang, Jie and Zaremba, Wojciech},
  journal={arXiv preprint arXiv:1606.01540},
  year={2016}
}
